@MISC{Kitano95robocup:the,
    author = {Hiroaki Kitano and Minoru Asada and Yasuo Kuniyoshi and Itsuki Noda and Eiichi Osawa},
    title = {RoboCup: The Robot World Cup Initiative},
    year = {1995}
}
@MISC{naosheet,
    author = {Aldeberan-Robotics},
    title = {NAO - Video Campera},
    url = {http://doc.aldebaran.com/2-1/family/robots/video_robot.html},
    year = {accessed Oct 2016}
}
@MISC{soccerfield,
    author = {RoboCup Technical Committee},
    title = {RoboCup Standard Platform League (NAO) Rule Book},
    year = {2015}
}
@MISC{bhumanvis,
    author = {test},
    title = {B-Human Team Description for RoboCup 2016},
    year = {2016}
}
